% Encoding: UTF-8

@Article{doolittle1981similar,
  author    = {Doolittle, Russell F},
  title     = {Similar amino acid sequences: chance or common ancestry?},
  journal   = {Science},
  year      = {1981},
  volume    = {214},
  number    = {4517},
  pages     = {149--159},
  publisher = {American Association for the Advancement of Science},
}

@Comment{jabref-meta: databaseType:bibtex;}

@article{polyanovsky2011,
author = {Polyanovsky, Valery and Roytberg, Mikhail and Tumanyan, Vladimir},
year = {2011},
month = {10},
pages = {25},
title = {Comparative analysis of the quality of a global algorithm and a local algorithm for alignment of two sequences},
volume = {6},
journal = {Algorithms for molecular biology : AMB},
doi = {10.1186/1748-7188-6-25}
}

@article{eddy2009,
author = {Eddy, Sean},
year = {2009},
month = {10},
pages = {205-11},
title = {A new generation of homology search tools based on probabilistic inference},
volume = {23},
journal = {Genome informatics. International Conference on Genome Informatics},
doi = {10.1142/9781848165632_0019}
}

@article{needleman1970,
author = {Needleman, Saul and Wunsch, Christian},
year = {1970},
month = {04},
pages = {443-53},
title = {A General Method Applicable to Search for Similarities in Amino Acid Sequence of 2 Proteins},
volume = {48},
journal = {Journal of molecular biology},
doi = {10.1016/0022-2836(70)90057-4}
}

@article{bilmes1998,
author = {Bilmes, J.A.},
year = {1998},
month = {01},
pages = {126-140},
title = {A gentle tutorial of the em algorithm and its application to parameter estimation for Gaussian mixture and hidden Markov models},
volume = {4},
journal = {International Computer Science Institute}
}